@article{veytsmanlatex,
  title={\LaTeX\ Class for Association for Computing Machinery},
  author={Veytsman, Boris},
  year={2016},
}
@misc{nvidia_optimize_data_transfers,
  author       = {NVIDIA Developer Blog},
  title        = {How to Optimize Data Transfers in CUDA C/C++},
  year         = {2013},
  url          = {https://developer.nvidia.com/blog/how-optimize-data-transfers-cuda-cc/},
}

@misc{google_benchmark_user_guide,
  author       = {Google},
  title        = {Benchmark User Guide},
  year         = {2023},
  url          = {https://github.com/google/benchmark/blob/main/docs/user_guide.m},
}

@misc{chatgpt,
  author       = {OpenAI},
  title        = {ChatGPT: Language Model},
  year         = {2024},
  url          = {https://chatgpt.com},
}